@BOOK{giaotrinhgiaitichso,
  author         = {Lê Trọng Vinh},
  title          = {Giáo trình Giải tích số},
  publisher      = {NXB Khoa học và kỹ thuật},
  year           = {2007}
}

@BOOK{nummethod4,
  author         = {J. Douglas Faires, Richard L. Burden},
  title          = {Numerical Methods, 4th Edition},
  publisher      = {Brooks / Cole, Cengage Learning},
  year           = {2013, 2003, 1998}
}

@BOOK{nummethodMATLAB,
  author         = {Jaan Kiusalaas, The Pennsylvania State University},
  title          = {Numerical Methods in Engineering With MATLAB},
  publisher      = {Cambridge University Press},
  year           = {2005}
}

@book{key,
  author         = {Hà Thị Ngọc Yến},
  title          = {Phương pháp lặp Jacobi},
  year           = {2019}
}

@ARTICLE{PanReif,
  author          = {Thomas E. Phipps Jr.},
  title           = {The inversion of large matrices: The Pan and Reif algorithm provides a solution},
  journal         = {Byte Magazine},
  volume          = {11},
  number          = {04},
  year            = {04-1986},
  page            = {201}
}