@online{bore_grudge_against,
    author = {{Bear a grudge against someone}},
    title = {To remain angry with someone about past slights or misdeeds},
    url = "https://idioms.thefreedictionary.com/bore+a+grudge",
    addendum = "(accessed: 09.07.2022)"
}


@online{towering,
    author = {{Towering (figure)}},
    title = {very high and making people feel respect},
    url = "https://dictionary.cambridge.org/vi/dictionary/english/towering",
    addendum = "(accessed: 09.07.2022)"
}


@online{in_broad_daylight,
    author = {{In broad daylight (idiom)}},
    title = {If a crime is committed in broad daylight, it happens during the day, when it could have been seen and prevented},
    url = "https://dictionary.cambridge.org/vi/dictionary/english/in-broad-daylight",
    addendum = "(accessed: 09.07.2022)"
}


@online{cellophane,
    author = {{Cellophane}},
    title = {A thin, transparent sheet made of regenerated cellulose. Its low permeability to air, oils, greases, bacteria, and liquid water makes it useful for food packaging},
    url = "https://en.wikipedia.org/wiki/Cellophane",
    addendum = "(accessed: 09.07.2022)"
}


@online{confiscated,
    author = {{Confiscate}},
    title = {To take a possession away from someone when you have the right to do so, usually as a punishment and often for a limited period, after which it is returned to the owner},
    url = "https://dictionary.cambridge.org/vi/dictionary/english/confiscate",
    addendum = "(accessed: 09.07.2022)"
}


@online{out_of_nowhere,
    author = {{Out of nowhere}},
    title = {very suddenly and unexpectedly},
    url = "https://dictionary.cambridge.org/vi/dictionary/english/from-out-of-nowhere",
    addendum = "(accessed: 09.07.2022)"
}


@online{assailant,
    author = {{Assailant}},
    title = {a person who attacks another person},
    url = "https://dictionary.cambridge.org/dictionary/english/assailant",
    addendum = "(accessed: 09.07.2022)"
}


@online{administering,
    author = {{Administer}},
    title = {To be responsible for giving something to someone},
    url = "https://dictionary.cambridge.org/dictionary/english/administer",
    addendum = "(accessed: 09.07.2022)"
}


@online{artery,
    author = {{Artery}},
    title = {is a blood vessel in humans and most other animals that takes blood away from the heart to one or more parts of the body (tissues, lungs, brain etc.)},
    url = "https://en.wikipedia.org/wiki/Artery",
    addendum = "(accessed: 09.07.2022)"
}


@online{cardiopulmonary_arrest,
    author = {{Cardiopulmonary arrest}},
    title = {is the cessation of adequate heart function and respiration and results in death without reversal. Often this condition is found in patients with coronary artery disease.},
    url = "https://www.ncbi.nlm.nih.gov/books/NBK563231/#:~:text=Cardiopulmonary%20arrest%20is%20the%20cessation,patients%20with%20coronary%20artery%20disease.",
    addendum = "(accessed: 09.07.2022)"
}


@online{coalition,
    author = {{Coalition}},
    title = {the joining together of different political parties or groups for a particular purpose, usually for a limited time, or a government that is formed in this way / a group formed of different organizations or people who agree to act together, usually temporarily, to achieve somethinga group formed of different organizations or people who agree to act together, usually temporarily, to achieve something},
    url = "https://dictionary.cambridge.org/vi/dictionary/english/coalition",
    addendum = "(accessed: 09.07.2022)"
}


@online{premier,
    author = {{Premier}},
    title = {best or most important},
    url = "https://dictionary.cambridge.org/vi/dictionary/english/premier",
    addendum = "(accessed: 09.07.2022)"
}


@online{militarism,
    author = {{Militarism}},
    title = {the belief that it is necessary to have strong armed forces and that they should be used in order to win political or economic advantages},
    url = "https://dictionary.cambridge.org/vi/dictionary/english/militarism",
    addendum = "(accessed: 09.07.2022)"
}


@online{rightwing,
    author = {{Rightwing}},
    title = {supporting the political right and traditional ideas about society; relating to the belief that there should be low taxes, and that property and industry should be privately owned},
    url = "https://dictionary.cambridge.org/vi/dictionary/english/right-wing",
    addendum = "(accessed: 09.07.2022)"
}


@online{syndicate,
    author = {{Syndicate}},
    title = {a group of people or companies who join together in order to share the cost of a particular business operation for which a large amount of money is needed},
    url = "https://dictionary.cambridge.org/vi/dictionary/english/syndicate?q=Syndicate",
    addendum = "(accessed: 09.07.2022)"
}


@online{lost_for_words,
    author = {{Lost for words}},
    title = {to be so shocked, surprised, full of admiration, etc. that you cannot speak},
    url = "https://dictionary.cambridge.org/vi/dictionary/english/syndicate?q=Syndicate",
    addendum = "(accessed: 09.07.2022)"
}


@online{tackled,
    author = {{Tackle}},
    title = {to catch and knock down someone who is running},
    url = "https://dictionary.cambridge.org/vi/dictionary/english/tackle",
    addendum = "(accessed: 09.07.2022)"
}


@online{comprise,
    author = {{Comprise}},
    title = {to have things or people as parts or members; to consist of},
    url = "https://dictionary.cambridge.org/vi/dictionary/english/comprise",
    addendum = "(accessed: 09.07.2022)"
}


@online{condolences,
    author = {{Condolence}},
    title = {sympathy and sadness for the family or close friends of a person who has recently died, or an expression of this, especially in written form},
    url = "https://dictionary.cambridge.org/vi/dictionary/english/condolence?q=condolences",
    addendum = "(accessed: 09.07.2022)"
}


@online{stunned,
    author = {{Stunned}},
    title = {very shocked or surprised},
    url = "https://dictionary.cambridge.org/vi/dictionary/english/stunned?q=Stunned",
    addendum = "(accessed: 09.07.2022)"
}


@online{airlifted,
    author = {{Airlift}},
    title = {an operation organized to move supplies or people by aircraft to or from a place that is difficult to reach because of war, a flood, etc},
    url = "https://dictionary.cambridge.org/vi/dictionary/english/airlift?q=airlifted",
    addendum = "(accessed: 09.07.2022)"
}


@online{divisive,
    author = {{Divisive}},
    title = {used to describe something that causes great and sometimes unfriendly disagreement within a group of people},
    url = "https://dictionary.cambridge.org/vi/dictionary/english/divisive",
    addendum = "(accessed: 09.07.2022)"
}


@online{conservatives,
    author = {{Conservative}},
    title = {not usually liking or trusting change, especially sudden change},
    url = "https://dictionary.cambridge.org/vi/dictionary/english/conservative",
    addendum = "(accessed: 09.07.2022)"
}


@online{soul-searching,
    author = {{Soul-searching}},
    title = {deep and careful thought about your feelings, especially in relation to a moral problem or decision},
    url = "https://dictionary.cambridge.org/vi/dictionary/english/soul-searching",
    addendum = "(accessed: 09.07.2022)"
}


@online{loathed,
    author = {{Loathe}},
    title = {to hate someone or something},
    url = "https://dictionary.cambridge.org/vi/dictionary/english/loathe?q=loathed",
    addendum = "(accessed: 09.07.2022)"
}


@online{shackles,
    author = {{Shackle}},
    title = {something that prevents you from doing what you want to do},
    url = "https://dictionary.cambridge.org/vi/dictionary/english/shackles",
    addendum = "(accessed: 09.07.2022)"
}


@online{trailed_off,
    author = {{Trail off}},
    title = {to become less in amount or loudness},
    url = "https://dictionary.cambridge.org/vi/dictionary/english/trail-off",
    addendum = "(accessed: 09.07.2022)"
}


@online{look_into,
    author = {{Look into}},
    title = {to examine the facts about a problem or situation},
    url = "https://dictionary.cambridge.org/vi/dictionary/english/look-into",
    addendum = "(accessed: 09.07.2022)"
}


@online{canvassing,
    author = {{Canvass}},
    title = {to try to get political support or votes, especially by visiting all the houses in an area},
    url = "https://dictionary.cambridge.org/vi/dictionary/english/canvass?q=canvassing",
    addendum = "(accessed: 09.07.2022)"
}


@online{stands_with,
    author = {{stand with someone}},
    title = {to be or remain united (in support of or opposition to something)},
    url = "https://idioms.thefreedictionary.com/stand+with",
    addendum = "(accessed: 09.07.2022)"
}


@online{adored,
    author = {{Adore}},
    title = {to love someone very much, especially in a way that shows a lot of admiration or respect, or to like something very much},
    url = "https://dictionary.cambridge.org/vi/dictionary/english/adore",
    addendum = "(accessed: 09.07.2022)"
}








